@Book(dawson:projects-in-computing
  ,author	= {Christian W. Dawson}
  ,title 	= {Projects in Computing and Information Systems}
  ,publisher 	= {Pearson}
  ,year 	= 2015
  ,address	= {Harlow, UK}
  ,edition	= {3rd edition}
)
@Book(dawson:projects-in-computing-old
  ,author	= {Christian W. Dawson}
  ,title 	= {Projects in Computing and Information Systems}
  ,publisher 	= {Pearson}
  ,year 	= 2009
  ,address	= {Harlow, UK}
  ,edition	= {2nd edition}
)

@Article(twostein:hello-world
  ,author 	= {Albert Twostein}
  ,title 	= {Hello World}
  ,journal 	= {Journal of Silly Statements}
  ,year 	= 2016
)

@misc{GPS_US,
  title = {{US Governement GPS} GPS Accuracy},
  howpublished = {\url{https://www.gps.gov/systems/gps/performance/accuracy/}},
  note = {Accessed: 2018-04-06}
}
