@Book(dawson:projects-in-computing
  ,author	= {Christian W. Dawson}
  ,title 	= {Projects in Computing and Information Systems}
  ,publisher 	= {Pearson}
  ,year 	= 2015
  ,address	= {Harlow, UK}
  ,edition	= {3rd edition}
)
@Book(dawson:projects-in-computing-old
  ,author	= {Christian W. Dawson}
  ,title 	= {Projects in Computing and Information Systems}
  ,publisher 	= {Pearson}
  ,year 	= 2009
  ,address	= {Harlow, UK}
  ,edition	= {2nd edition}
)

@Article(twostein:hello-world
  ,author 	= {Albert Twostein}
  ,title 	= {Hello World}
  ,journal 	= {Journal of Silly Statements}
  ,year 	= 2016
)

@misc{GPS_US_ACCURACY
  ,author = {{National Coordination Office for Space-Based Positioning}}
  ,title = {{GPS Accuracy}}
  ,howpublished = {\url{https://www.gps.gov/systems/gps/performance/accuracy/}}
  ,note = {Accessed: 2018-04-06}
}

@misc{GPS_US_HOW
  ,author = {{National Coordination Office for Space-Based Positioning}}
  ,title = {{How GPS work}}
  ,howpublished = {\url{https://www.gps.gov/multimedia/poster/poster.txt}}
  ,note = {Accessed: 2018-04-08}
}

@misc{SFBonline
  ,author = {Microsoft}
  ,title = {Skype for business Online}
  ,howpublished = {\url{https://docs.microsoft.com/en-us/SkypeForBusiness/skype-for-business-online}}
  ,note = {Accessed: 2018-04-19}
}

@misc{SFBpresence
  ,author = {Microsoft}
  ,title = {Configure presence in Skype for Business Online}
  ,howpublished = {\url{https://docs.microsoft.com/en-us/SkypeForBusiness/set-up-skype-for-business-online/configure-presence-in-skype-for-business-online}}
  ,note = {Accessed: 2018-05-14}
}

@misc{SFBserver
  ,author = {Microsoft}
  ,title = {Skype for business Server}
  ,howpublished = {\url{https://docs.microsoft.com/en-us/SkypeForBusiness/plan-your-deployment/network-requirements/network-requirements}}
  ,note = {Accessed: 2018-04-19}
}

@misc{RSSI_expl
  ,author = {MetaGeek}
  ,title = {Understanding RSSI}
  ,howpublished = {\url{https://www.metageek.com/training/resources/understanding-rssi.html}}
  ,note = {Accessed: 2018-05-14}
}

@misc{Microsoft-Office
  ,author = {Microsoft}
  ,title = {Configure the location database in Skype for Business Server 2015}
  ,howpublished = {\url{https://docs.microsoft.com/en-us/skypeforbusiness/deploy/deploy-enterprise-voice/configure-the-location-database}}
  ,note = {Accessed: 2018-04-06}
}

@misc{pymysql
  ,author = {Yutaka Matsubara and GitHub contributors}
  ,title = {PyMySQL: User Guide}
  ,howpublished = {\url{https://pymysql.readthedocs.io/en/latest/user/index.html}}
  ,note = {Accessed: 2018-05-14}
}

@misc{sql
  ,author = {tutorials point}
  ,title = {SQL Tutorial}
  ,howpublished = {\url{https://www.tutorialspoint.com/sql/index.html}}
  ,note = {Accessed: 2018-05-14}
}

@misc{materialize
  ,author = {Materialize}
  ,title = {Material design}
  ,howpublished = {\url{https://materializecss.com/about.html}}
  ,note = {Accessed: 2018-05-14}
}


@inproceedings{database_fundamentals,
  title={Fundamentals of Relational Database Design},
  author={Litwin, Paul},
  booktitle={NYU Symposium on Data Base Design Techniques},
  year={2003}
}

@inproceedings{IP1,
  title={Indoor positioning techniques based on wireless LAN},
  author={Rizos, Chris and Dempster, Andrew G and Li, Binghao and Salter, James},
  year={2007}
}


@inproceedings{cook2005indoor,
  title={Indoor location using trilateration characteristics},
  author={Cook, Byron and Buckberry, Graham and Scowcroft, Ian and Mitchell, John and Allen, Tony},
  booktitle={Proc. London Communications Symposium},
  pages={147--150},
  year={2005},
  organization={Citeseer}
}

@article{jun2018low,
  title={Low-Overhead WiFi Fingerprinting},
  author={Jun, Junghyun and He, Liang and Gu, Yu and Jiang, Wenchao and Kushwaha, Gaurav and Vipin, A and Cheng, Long and Liu, Cong and Zhu, Ting},
  journal={IEEE Transactions on Mobile Computing},
  volume={17},
  number={3},
  pages={590--603},
  year={2018},
  publisher={IEEE}
}

@misc{ABV,
  title={Aktivitetsbaserade arbetsplatser i offentlig sektor},
  author={Madeleine Stjärne},
  howpublished = {\url{https://webbutik.skl.se/bilder/artiklar/pdf/7585-208-9.pdf?issuusl=ignore}}
  ,note = {Accessed: 2018-04-15}
}


@misc{kotlin,
  title={Statically typed programming language
for modern multiplatform applications},
  author={kotlinlang.org},
  howpublished = {\url{https://kotlinlang.org/}}
  ,note = {Accessed: 2018-05-12}
  }

@misc{python,
  title={The Python Standard Library},
  author={Python Software Foundation},
  howpublished = {\url{https://docs.python.org/3/library/index.html}}
  ,note = {Accessed: 2018-05-12}
}

@misc{anyplace,
  title={The Anatomy of the Anyplace Indoor Navigation Service},
  author={Demetrios Zeinalipour-Yazti and Christos Laoudias},
  adress = {Max Planck Institute for Informatics},
  howpublished = {\url{https://anyplace.cs.ucy.ac.cy/}},
  note = {Accessed: 2018-04-15}
}

@misc{GDPRibm,
  title={Vad innebär GDPR},
  author={ Marcus Hallberg, IBM},
  howpublished = {\url{https://www.ibm.com/blogs/think/se-sv/2016/12/13/varfor-alla-pratar-om-gdpr-del-2-vad-innebar-gdpr/}},
  note = {Accessed: 2018-04-20}
}

@misc{GDPRdatainspektionen,
  title={Introduktion till dataskyddsförordningen},
  author={Datainspektionen},
  howpublished = {\url{https://www.datainspektionen.se/dataskyddsreformen/dataskyddsforordningen/introduktion-till-dataskyddsforordningen/}},
  note = {Accessed: 2018-04-20}
}

@inproceedings{IPS_tavling,
  title={A realistic evaluation and comparison of indoor location technologies: Experiences and lessons learned},
  author={Lymberopoulos, Dimitrios and Liu, Jie and Yang, Xue and Choudhury, Romit Roy and Handziski, Vlado and Sen, Souvik},
  booktitle={Proceedings of the 14th international conference on information processing in sensor networks},
  pages={178--189},
  year={2015},
  organization={ACM}
}

@misc{passarInteAlla,
  title={Aktivitetskontor passar inte alla},
  author={Lisbeth Slunga Järvholm},
  howpublished={\url{https://www.svt.se/nyheter/lokalt/vasterbotten/aktivitetskontor-passar-inte-alla}},
  note={Accessed: 2018-04-19}
}

@misc{securityInDjango,
  title={Security in Django},
  author={Django},
  howpublished={\url{https://docs.djangoproject.com/en/2.0/topics/security/}},
  note={Accessed: 2018-04-22}
}

@article{tian2013fingerprint,
  title={Fingerprint indoor positioning algorithm based on affinity propagation clustering},
  author={Tian, Zengshan and Tang, Xiaomou and Zhou, Mu and Tan, Zuohong},
  journal={EURASIP Journal on Wireless Communications and Networking},
  volume={2013},
  number={1},
  pages={272},
  year={2013},
  publisher={Nature Publishing Group}
}

@article{yiu2017wireless,
  title={Wireless RSSI fingerprinting localization},
  author={Yiu, Simon and Dashti, Marzieh and Claussen, Holger and Perez-Cruz, Fernando},
  journal={Signal Processing},
  volume={131},
  pages={235--244},
  year={2017},
  publisher={Elsevier}
}

@article{problem_with_RSSI,
author = {Lui, Gough and Gallagher, Thomas and Li, Binghao and Dempster, Andrew and Rizos, Chris},
year = {2011},
month = {07},
pages = {53 - 57},
title = {Differences in RSSI readings made by different Wi-Fi chipsets: A limitation of WLAN localization}
}

@inproceedings{zanca2008experimental,
  title={Experimental comparison of RSSI-based localization algorithms for indoor wireless sensor networks},
  author={Zanca, Giovanni and Zorzi, Francesco and Zanella, Andrea and Zorzi, Michele},
  booktitle={Proceedings of the workshop on Real-world wireless sensor networks},
  pages={1--5},
  year={2008},
  organization={ACM}
}

@misc{android,
  title={Publish Your App},
  author={Google},
  howpublished = {\url{https://developer.android.com/studio/publish/}},
  note = {Accessed: 2018-05-06, Last updated: 2018-04-16}
}

@misc{submitIphone,
  title={How to Submit an iOS App to the App Store},
  author={Vardhan Agrawal},
  howpublished = {\url{https://code.tutsplus.com/tutorials/how-to-submit-an-ios-app-to-the-app-store--mobile-16812}},
  note = {Accessed: 2018-05-06, Published: 2017-09-07}
}

@misc{guidePublish,
  title={Developing for Android vs developing for iOS},
  author={Adam Sinicki},
  howpublished = {\url{https://www.androidauthority.com/developing-for-android-vs-ios-697304/}},
  note = {Accessed: 2018-05-06, Published: 2016-06-09}
}

@misc{djangoMVC,
  title={General},
  author={Django},
  howpublished = {\url{https://docs.djangoproject.com/en/2.0/faq/general/#does-django-scale}},
  note = {Accessed: 2018-05-07}
}
